<?xml version="1.0" encoding="UTF-8"?><collection xmlns="http://www.loc.gov/MARC21/slim"><record><leader>00425nam--2200133-i-4500</leader><controlfield tag="001">000030677</controlfield><controlfield tag="002">20161230</controlfield><controlfield tag="005">20161230201038</controlfield><controlfield tag="008">060222s1000------------r-----000-0-eng-d</controlfield><datafield ind1=" " ind2=" " tag="100"><subfield code="a">Littler, D.J., Raffle, J.F</subfield></datafield><datafield ind1=" " ind2=" " tag="245"><subfield code="a">Ai introduction to reactor physics.2-nd revised edition</subfield></datafield><datafield ind1=" " ind2=" " tag="260"><subfield code="a">London, Pergamon Press, 1957. X+208p.+1pl</subfield></datafield><datafield ind1=" " ind2=" " tag="490"><subfield code="a">International Series Of Monographs On Nuclear Energy, Division X</subfield></datafield><datafield ind1=" " ind2=" " tag="852"><subfield code="a">12941</subfield></datafield></record></collection>